<record><leader>00000cas a2200000 a 4500</leader><controlfield tag="001">53916053</controlfield><controlfield tag="008">031216d188818uuiluwr ne      0   a0eng c</controlfield><datafield ind1=" " ind2=" " tag="010"><subfield code="a">sn2003060823</subfield></datafield><datafield ind1=" " ind2=" " tag="040"><subfield code="a">CVF</subfield><subfield code="b">eng</subfield><subfield code="c">CVF</subfield><subfield code="d">OCLCQ</subfield><subfield code="d">OCLCF</subfield><subfield code="d">OCLCO</subfield><subfield code="d">NVF</subfield></datafield><datafield ind1=" " ind2=" " tag="042"><subfield code="a">pcc</subfield></datafield><datafield ind1=" " ind2=" " tag="043"><subfield code="a">n-us-il</subfield></datafield><datafield ind1="0" ind2=" " tag="130"><subfield code="a">Star (Wauconda, Ill. : 1888)</subfield></datafield><datafield ind1="1" ind2="4" tag="245"><subfield code="a">The star.</subfield></datafield><datafield ind1=" " ind2=" " tag="260"><subfield code="a">Wauconda, Ill. :</subfield><subfield code="b">F.W. Morrison,</subfield><subfield code="c">1888-[18--?]</subfield></datafield><datafield ind1=" " ind2=" " tag="300"><subfield code="a">volumes</subfield></datafield><datafield ind1=" " ind2=" " tag="310"><subfield code="a">Weekly</subfield></datafield><datafield ind1="0" ind2=" " tag="362"><subfield code="a">Vol. 1, no. 1 (Dec. 15, 1888)-</subfield></datafield><datafield ind1=" " ind2=" " tag="500"><subfield code="a">"Wauconda's first newspaper."</subfield></datafield><datafield ind1=" " ind2=" " tag="588"><subfield code="a">Latest issue consulted: Vol. 1, no. 1 (Dec. 15, 1888).</subfield></datafield><datafield ind1=" " ind2="0" tag="651"><subfield code="a">Wauconda (Ill.)</subfield><subfield code="v">Newspapers.</subfield></datafield><datafield ind1=" " ind2="7" tag="651"><subfield code="a">Illinois</subfield><subfield code="z">Wauconda.</subfield><subfield code="2">fast</subfield><subfield code="0">(OCoLC)fst01256607</subfield></datafield><datafield ind1=" " ind2="7" tag="655"><subfield code="a">Newspapers.</subfield><subfield code="2">fast</subfield><subfield code="0">(OCoLC)fst01423814</subfield></datafield><datafield ind1=" " ind2=" " tag="752"><subfield code="a">United States</subfield><subfield code="b">Illinois</subfield><subfield code="c">Lake County</subfield><subfield code="d">Wauconda.</subfield></datafield><datafield ind1="0" ind2="7" tag="785"><subfield code="t">Wauconda leader</subfield><subfield code="w">(DLC)sn2003060825</subfield><subfield code="w">(OCoLC)51996438</subfield></datafield><datafield ind1="1" ind2=" " tag="029"><subfield code="a">AU@</subfield><subfield code="b">000025189306</subfield></datafield></record>